<?xml version="1.0" encoding="utf-8"?>
<record xmlns="http://www.loc.gov/MARC21/slim" xmlns:xsi="http://www.w3.org/2001/XMLSchema-instance" xsi:schemaLocation="http://www.loc.gov/MARC21/slim http://www.loc.gov/standards/marcxml/schema/MARC21slim.xsd">
	<leader>
		02997nam a2200445   4500
	</leader>
	<controlfield tag="001">
		2871503
	</controlfield>
	<controlfield tag="003">
		NNC
	</controlfield>
	<controlfield tag="006">
		m        d        
	</controlfield>
	<controlfield tag="007">
		cr cn |||m|||a
	</controlfield>
	<controlfield tag="008">
		151102s1937    ua      o     000 0 arar 
	</controlfield>
	<datafield ind1=" " ind2=" " tag="040">
		<subfield code="a">
			NNU
		</subfield>
		<subfield code="b">
			eng
		</subfield>
		<subfield code="e">
			rda
		</subfield>
		<subfield code="c">
			NNU
		</subfield>
	</datafield>
	<datafield ind1="0" ind2="4" tag="050">
		<subfield code="a">
			BP75.2
		</subfield>
		<subfield code="b">
			I234 1937
		</subfield>
	</datafield>
	<datafield ind1="1" ind2=" " tag="100">
		<subfield code="6">
			880-01
		</subfield>
		<subfield code="a">
			Ibn Sayyid al-Nās, Muḥammad ibn Muḥammad,
		</subfield>
		<subfield code="d">
			1273?-1334.
		</subfield>
	</datafield>
	<datafield ind1="1" ind2="0" tag="245">
		<subfield code="6">
			880-02
		</subfield>
		<subfield code="a">
			ʻUyūn al-athar fī funūn al-maghāzī wa-shamāʼil wa-al-siyar /
		</subfield>
		<subfield code="c">
			li-Ibn Sayyid al-Nās. Wa-maʻahu Iqtibās al-Iqtibās li-ḥall mushkilat Sīrat Ibn Sayyid al-Nās / li-Ibn ʻAbd al-Hādī, ʻan nuskhah al-Amīr Ṭāhir ḥafīd al-Amīr ʻAbd al-Qādir al-Jazāʼirī, maʻa muqābila bi-nuskhat Dār al-Kutub al-Ẓāhirīyah bi-Dimashq wa-murājaʻat al-mushkil fī naskh Dār al-Kutub al-Miṣrīyah.
		</subfield>
	</datafield>
	<datafield ind1=" " ind2=" " tag="260">
		<subfield code="6">
			880-03
		</subfield>
		<subfield code="a">
			al-Qāhirah :
		</subfield>
		<subfield code="b">
			Maktabat al-Qudsī,
		</subfield>
		<subfield code="c">
			1356 [1937 or 8]
		</subfield>
	</datafield>
	<datafield ind1=" " ind2=" " tag="300">
		<subfield code="a">
			online resource (2 volumes in 1)
		</subfield>
	</datafield>
	<datafield ind1=" " ind2=" " tag="336">
		<subfield code="a">
			text
		</subfield>
		<subfield code="2">
			rdacontent
		</subfield>
	</datafield>
	<datafield ind1=" " ind2=" " tag="337">
		<subfield code="a">
			computer
		</subfield>
		<subfield code="2">
			rdamedia
		</subfield>
	</datafield>
	<datafield ind1=" " ind2=" " tag="338">
		<subfield code="a">
			online resource
		</subfield>
		<subfield code="2">
			rdacarrier
		</subfield>
	</datafield>
	<datafield ind1=" " ind2=" " tag="500">
		<subfield code="a">
			Part of the Arabic Collections Online (ACO) project, contributed by Columbia University Libraries.
		</subfield>
	</datafield>
	<datafield ind1=" " ind2=" " tag="533">
		<subfield code="a">
			Electronic reproduction.
		</subfield>
		<subfield code="b">
			New York, N.Y. :
		</subfield>
		<subfield code="c">
			New York University,
		</subfield>
		<subfield code="d">
			2015.
		</subfield>
		<subfield code="5">
			NNU
		</subfield>
	</datafield>
	<datafield ind1="0" ind2="0" tag="600">
		<subfield code="a">
			Muḥammad,
		</subfield>
		<subfield code="c">
			Prophet,
		</subfield>
		<subfield code="d">
			-632.
		</subfield>
	</datafield>
	<datafield ind1=" " ind2="4" tag="650">
		<subfield code="a">
			Muslims
		</subfield>
		<subfield code="z">
			Saudi Arabia
		</subfield>
		<subfield code="x">
			Biography
		</subfield>
		<subfield code="v">
			Early works to 1800.
		</subfield>
	</datafield>
	<datafield ind1="0" ind2="7" tag="600">
		<subfield code="a">
			Muḥammad,
		</subfield>
		<subfield code="c">
			Prophet,
		</subfield>
		<subfield code="d">
			-632
		</subfield>
		<subfield code="2">
			fast
		</subfield>
		<subfield code="0">
			(OCoLC)fst01836298
		</subfield>
	</datafield>
	<datafield ind1="1" ind2="2" tag="700">
		<subfield code="6">
			880-04
		</subfield>
		<subfield code="a">
			Ibn al-Mibrad, Yūsuf ibn Ḥasan,
		</subfield>
		<subfield code="d">
			1436 or 1437-1503.
		</subfield>
		<subfield code="t">
			Iqtibās.
		</subfield>
		<subfield code="k">
			Selections.
		</subfield>
	</datafield>
	<datafield ind1="2" ind2=" " tag="710">
		<subfield code="a">
			Columbia University.
		</subfield>
		<subfield code="b">
			Libraries.
		</subfield>
	</datafield>
	<datafield ind1="0" ind2=" " tag="730">
		<subfield code="a">
			Arabic Collections Online.
		</subfield>
	</datafield>
	<datafield ind1="0" ind2="8" tag="776">
		<subfield code="i">
			Print version:
		</subfield>
		<subfield code="a">
			Ibn Sayyid al-Nās, Muḥammad ibn Muḥammad, 1273?-1334.
		</subfield>
		<subfield code="t">
			ʻUyūn al-athar fī funūn al-maghāzī wa-shamāʼil wa-al-siyar
		</subfield>
		<subfield code="w">
			(NNC)2871503
		</subfield>
		<subfield code="w">
			(DLC)   75549803 
		</subfield>
		<subfield code="w">
			(OCoLC)21986433
		</subfield>
	</datafield>
	<datafield ind1="4" ind2="0" tag="856">
		<subfield code="u">
			http://hdl.handle.net/2333.1/8931zgmd
		</subfield>
	</datafield>
	<datafield ind1="4" ind2="0" tag="856">
		<subfield code="u">
			http://hdl.handle.net/2333.1/8931zgmd
		</subfield>
	</datafield>
	<datafield ind1="1" ind2=" " tag="880">
		<subfield code="6">
			100-01/r
		</subfield>
		<subfield code="a">
			ابن سيد الناس، محمد بن محمد،,
		</subfield>
		<subfield code="d">
			1273?-1334.
		</subfield>
	</datafield>
	<datafield ind1="1" ind2="0" tag="880">
		<subfield code="6">
			240-00/r
		</subfield>
		<subfield code="a">
			عيون الاثر في فنون المغازي والشمائل والسير
		</subfield>
	</datafield>
	<datafield ind1="1" ind2="0" tag="880">
		<subfield code="6">
			245-02/r
		</subfield>
		<subfield code="a">
			عيون الأثر في فنون المغازي والشمائل والسير /
		</subfield>
		<subfield code="c">
			لابن سيد الناس، ومعه اقتباس الاقتباس لحل مشكل سيرة ابن سيد الناس / لابن عبد الهادي.
		</subfield>
	</datafield>
	<datafield ind1="3" ind2="0" tag="880">
		<subfield code="6">
			246-00/r
		</subfield>
		<subfield code="a">
			عيون الاثر في فنون المغازي والشمائل والسير
		</subfield>
	</datafield>
	<datafield ind1=" " ind2=" " tag="880">
		<subfield code="6">
			260-03/r
		</subfield>
		<subfield code="a">
			القاهرة :
		</subfield>
		<subfield code="b">
			مكتبة القدسي،
		</subfield>
		<subfield code="c">
			1356 [1937 or 8]
		</subfield>
	</datafield>
	<datafield ind1="0" ind2="4" tag="880">
		<subfield code="6">
			600-00/r
		</subfield>
		<subfield code="a">
			محمد،
		</subfield>
		<subfield code="c">
			الرسول.
		</subfield>
	</datafield>
	<datafield ind1="1" ind2="2" tag="880">
		<subfield code="6">
			700-04/r
		</subfield>
		<subfield code="a">
			ابن المبرد، يوسف بن حسن.
		</subfield>
		<subfield code="t">
			اقتباس الاقتباس لحل مشكل سيرة ابن سيد الناس.
		</subfield>
	</datafield>
	<datafield ind1=" " ind2=" " tag="959">
		<subfield code="a">
			NNU
		</subfield>
		<subfield code="b">
			WEB
		</subfield>
		<subfield code="c">
			GENI
		</subfield>
		<subfield code="t">
			0
		</subfield>
		<subfield code="m">
			Electronic access
		</subfield>
		<subfield code="s">
			01
		</subfield>
	</datafield>
	<datafield ind1=" " ind2=" " tag="959">
		<subfield code="a">
			NNU
		</subfield>
		<subfield code="b">
			WEB
		</subfield>
		<subfield code="c">
			GENI
		</subfield>
		<subfield code="t">
			0
		</subfield>
		<subfield code="m">
			Electronic access
		</subfield>
		<subfield code="s">
			01
		</subfield>
	</datafield>
	<datafield ind1=" " ind2=" " tag="999">
		<subfield code="i">
			NNC_2871503
		</subfield>
		<subfield code="o">
			(OCoLC)ocm21986433 
		</subfield>
		<subfield code="s">
			columbia_aco001378
		</subfield>
		<subfield code="e">
			(ERROR-880)
		</subfield>
	</datafield>
</record>
